<?xml version="1.0" encoding="UTF-8"?>
<record>
  <leader>01603nas#a2200421#c#4500</leader>
  <controlfield tag="005">20210409105512.0</controlfield>
  <controlfield tag="007">cr#|||||||||||</controlfield>
  <controlfield tag="008">160719m20149999gw##|#p#o#####|####|ger#c</controlfield>
  <controlfield tag="003">DE-605</controlfield>
  <controlfield tag="001">990212668130206441</controlfield>
  <datafield tag="016" ind1="7" ind2=" ">
    <subfield code="a">1107066417</subfield>
    <subfield code="2">DE-101b</subfield>
  </datafield>
  <datafield tag="016" ind1="7" ind2=" ">
    <subfield code="a">2862532-8</subfield>
    <subfield code="2">DE-600</subfield>
  </datafield>
  <datafield tag="035" ind1=" " ind2=" ">
    <subfield code="a">(DE-605)HT019037589</subfield>
  </datafield>
  <datafield tag="040" ind1=" " ind2=" ">
    <subfield code="a">0018</subfield>
    <subfield code="b">ger</subfield>
    <subfield code="c">DNB</subfield>
    <subfield code="d">0292</subfield>
    <subfield code="e">rda</subfield>
    <subfield code="d">DE-605</subfield>
  </datafield>
  <datafield tag="041" ind1=" " ind2=" ">
    <subfield code="a">ger</subfield>
  </datafield>
  <datafield tag="044" ind1=" " ind2=" ">
    <subfield code="c">XA-DE</subfield>
  </datafield>
  <datafield tag="084" ind1=" " ind2=" ">
    <subfield code="a">370</subfield>
    <subfield code="q">DE-600</subfield>
    <subfield code="2">zdbs</subfield>
  </datafield>
  <datafield tag="245" ind1="0" ind2="0">
    <subfield code="a">Bericht der Schulinspektion ...</subfield>
    <subfield code="b">Zusammenfassung</subfield>
    <subfield code="n">[...]</subfield>
    <subfield code="p">Schule An der Burgweide</subfield>
    <subfield code="c">ifbq, Institut für Bildungsmonitoring und Qualitätsentwicklung, Hamburg</subfield>
  </datafield>
  <datafield tag="264" ind1="3" ind2="1">
    <subfield code="a">[Hamburg]</subfield>
    <subfield code="b">[ifbq]</subfield>
    <subfield code="c">[2014?]-</subfield>
    <subfield code="3">[2014?]-</subfield>
  </datafield>
  <datafield tag="300" ind1=" " ind2=" ">
    <subfield code="a">Online-Ressource</subfield>
  </datafield>
  <datafield tag="336" ind1=" " ind2=" ">
    <subfield code="b">txt</subfield>
  </datafield>
  <datafield tag="337" ind1=" " ind2=" ">
    <subfield code="b">c</subfield>
  </datafield>
  <datafield tag="338" ind1=" " ind2=" ">
    <subfield code="b">cr</subfield>
  </datafield>
  <datafield tag="362" ind1="0" ind2=" ">
    <subfield code="a">2. Zyklus (2014, Inspektion vom 19.03.2014) [?]-</subfield>
  </datafield>
  <datafield tag="363" ind1="0" ind2="1">
    <subfield code="8">1.1\x</subfield>
    <subfield code="k">19</subfield>
    <subfield code="j">3</subfield>
    <subfield code="i">2014</subfield>
  </datafield>
  <datafield tag="930" ind1=" " ind2=" ">
    <subfield code="a">Schule An der Burgweide</subfield>
  </datafield>
  <datafield tag="035" ind1=" " ind2=" ">
    <subfield code="a">(DE-600)2862532-8</subfield>
  </datafield>
  <datafield tag="035" ind1=" " ind2=" ">
    <subfield code="a">(DE-599)ZDB2862532-8</subfield>
  </datafield>
  <datafield tag="960" ind1="1" ind2=" ">
    <subfield code="z">lzZDB</subfield>
  </datafield>
  <datafield tag="964" ind1="0" ind2="s">
    <subfield code="F">030</subfield>
    <subfield code="A">a||ur||||||37</subfield>
  </datafield>
  <datafield tag="964" ind1="0" ind2="s">
    <subfield code="F">050</subfield>
    <subfield code="A">||||||||g|||||</subfield>
  </datafield>
  <datafield tag="964" ind1="0" ind2="s">
    <subfield code="F">052</subfield>
    <subfield code="A">p||||||az||||||</subfield>
  </datafield>
  <datafield tag="856" ind1="4" ind2="0">
    <subfield code="u">http://www.hamburg.de/inspektionsberichte/grundschulen/mitte/</subfield>
    <subfield code="x">Verlag</subfield>
    <subfield code="z">kostenfrei</subfield>
  </datafield>
  <datafield tag="856" ind1="4" ind2="0">
    <subfield code="u">https://epub.sub.uni-hamburg.de/epub/journal.php?journal_id=1485&amp;la=de</subfield>
    <subfield code="x">Archivierung</subfield>
    <subfield code="z">kostenfrei</subfield>
  </datafield>
  <datafield tag="710" ind1="2" ind2=" ">
    <subfield code="a">Institut für Bildungsmonitoring und Qualitätsentwicklung</subfield>
    <subfield code="0">(DE-588)1035631830</subfield>
    <subfield code="4">isb</subfield>
    <subfield code="0">https://portal.dnb.de/opac.htm?method=simpleSearch&amp;cqlMode=true&amp;query=idn=1035631830</subfield>
    <subfield code="0">http://viaf.org/viaf/sourceID/DNB|1035631830</subfield>
    <subfield code="B">GND-1035631830</subfield>
  </datafield>
  <datafield tag="655" ind1=" " ind2="7">
    <subfield code="a">Zeitschrift</subfield>
    <subfield code="0">(DE-588)4067488-5</subfield>
    <subfield code="2">gnd-content</subfield>
  </datafield>
  <datafield tag="500" ind1=" " ind2=" ">
    <subfield code="a">Erscheint ca. alle 5 Jahre. - Gesehen am 19.07.2016</subfield>
    <subfield code="9">F:501</subfield>
  </datafield>
  <datafield tag="583" ind1="1" ind2=" ">
    <subfield code="a">Archivierung/Langzeitarchivierung geplant</subfield>
    <subfield code="f">PEHH</subfield>
    <subfield code="5">DE-18</subfield>
    <subfield code="2">pdager</subfield>
  </datafield>
  <datafield tag="MBD" ind1=" " ind2=" ">
    <subfield code="M">49HBZ_NETWORK</subfield>
    <subfield code="i">990212668130206441</subfield>
    <subfield code="n">HBZ Network</subfield>
  </datafield>
  <datafield tag="MNG" ind1=" " ind2=" ">
    <subfield code="c">System</subfield>
    <subfield code="f">HBZ</subfield>
    <subfield code="i">marc21</subfield>
    <subfield code="h">20210409105512.0</subfield>
    <subfield code="k">01</subfield>
    <subfield code="e">false</subfield>
    <subfield code="d">2022-12-27 17:07:02 Europe/Berlin</subfield>
    <subfield code="g">021266813-HBZ01</subfield>
    <subfield code="j">90</subfield>
    <subfield code="a">import</subfield>
    <subfield code="b">2021-04-05 14:21:42 Europe/Berlin</subfield>
  </datafield>
  <datafield tag="POR" ind1=" " ind2=" ">
    <subfield code="j">LIzenzfreie Zeitschriften</subfield>
    <subfield code="x">System</subfield>
    <subfield code="a">53805940540006441</subfield>
    <subfield code="M">49HBZ_NETWORK</subfield>
    <subfield code="p">61738769100006441</subfield>
    <subfield code="q">Lizenzfreie Zeitschriften - Lizenzfreie E-Ressourcen der ZDB (lzzdb)</subfield>
    <subfield code="c">static</subfield>
    <subfield code="B">Selektionskennzeichen: lzzdb
NZ Phase 1 – Wave 1: NZ-P2E</subfield>
    <subfield code="A">49HBZ_DUE</subfield>
    <subfield code="A">49HBZ_UDE</subfield>
    <subfield code="A">49HBZ_FHM</subfield>
    <subfield code="A">49HBZ_ULM</subfield>
    <subfield code="y">2022-12-27 17:07:20 Europe/Berlin</subfield>
    <subfield code="w">2022-12-27 17:07:15 Europe/Berlin</subfield>
    <subfield code="D">https://eu04.alma.exlibrisgroup.com/view/uresolver/49HBZ_NETWORK/openurl?u.ignore_date_coverage=true&amp;portfolio_pid=53805940540006441&amp;Force_direct=true</subfield>
    <subfield code="v">System</subfield>
    <subfield code="z">2022-12-27 16:07:15</subfield>
    <subfield code="i">false</subfield>
    <subfield code="S">62738769090006441</subfield>
    <subfield code="d">https://hbz-network.userservices.exlibrisgroup.com/view/uresolver/49HBZ_NETWORK/openurl?u.ignore_date_coverage=true&amp;rft.mms_id=990212668130206441</subfield>
    <subfield code="b">Available</subfield>
    <subfield code="f">JOURNAL</subfield>
    <subfield code="e">https://epub.sub.uni-hamburg.de/epub/journal.php?journal_id=1485%26la=de</subfield>
    <subfield code="8">53805940540006441</subfield>
  </datafield>
  <datafield tag="POR" ind1=" " ind2=" ">
    <subfield code="j">LIzenzfreie Zeitschriften</subfield>
    <subfield code="x">System</subfield>
    <subfield code="a">53805940560006441</subfield>
    <subfield code="M">49HBZ_NETWORK</subfield>
    <subfield code="p">61738769100006441</subfield>
    <subfield code="q">Lizenzfreie Zeitschriften - Lizenzfreie E-Ressourcen der ZDB (lzzdb)</subfield>
    <subfield code="c">static</subfield>
    <subfield code="B">Selektionskennzeichen: lzzdb
NZ Phase 1 – Wave 1: NZ-P2E</subfield>
    <subfield code="A">49HBZ_DUE</subfield>
    <subfield code="A">49HBZ_UDE</subfield>
    <subfield code="A">49HBZ_FHM</subfield>
    <subfield code="A">49HBZ_ULM</subfield>
    <subfield code="y">2022-12-27 17:07:20 Europe/Berlin</subfield>
    <subfield code="w">2022-12-27 17:07:15 Europe/Berlin</subfield>
    <subfield code="D">https://eu04.alma.exlibrisgroup.com/view/uresolver/49HBZ_NETWORK/openurl?u.ignore_date_coverage=true&amp;portfolio_pid=53805940560006441&amp;Force_direct=true</subfield>
    <subfield code="v">System</subfield>
    <subfield code="z">2022-12-27 16:07:15</subfield>
    <subfield code="i">false</subfield>
    <subfield code="S">62738769090006441</subfield>
    <subfield code="d">https://hbz-network.userservices.exlibrisgroup.com/view/uresolver/49HBZ_NETWORK/openurl?u.ignore_date_coverage=true&amp;rft.mms_id=990212668130206441</subfield>
    <subfield code="b">Available</subfield>
    <subfield code="f">JOURNAL</subfield>
    <subfield code="e">http://www.hamburg.de/inspektionsberichte/grundschulen/mitte/</subfield>
    <subfield code="8">53805940560006441</subfield>
  </datafield>
  <datafield tag="GKT" ind1="2" ind2=" ">
    <subfield code="a">Hamburg</subfield>
    <subfield code="b">Behörde für Schule und Berufsbildung</subfield>
    <subfield code="b">Institut für Bildungsmonitoring und Qualitätsentwicklung</subfield>
    <subfield code="A">GND</subfield>
    <subfield code="B">GND-1035631830</subfield>
    <subfield code="C">410</subfield>
  </datafield>
  <datafield tag="GKT" ind1="2" ind2=" ">
    <subfield code="a">IfBQ</subfield>
    <subfield code="4">abku</subfield>
    <subfield code="4">http://d-nb.info/standards/elementset/gnd#abbreviatedNameForTheCorporateBody</subfield>
    <subfield code="w">r</subfield>
    <subfield code="i">Abkuerzung</subfield>
    <subfield code="e">Abkuerzung</subfield>
    <subfield code="A">GND</subfield>
    <subfield code="B">GND-1035631830</subfield>
    <subfield code="C">410</subfield>
  </datafield>
  <datafield tag="GKT" ind1="2" ind2=" ">
    <subfield code="a">Hamburger Institut für Bildungsmonitoring und Qualitätsentwicklung</subfield>
    <subfield code="A">GND</subfield>
    <subfield code="B">GND-1035631830</subfield>
    <subfield code="C">410</subfield>
  </datafield>
  <datafield tag="GSI" ind1="7" ind2=" ">
    <subfield code="a">http://d-nb.info/gnd/1035631830</subfield>
    <subfield code="2">uri</subfield>
    <subfield code="A">GND</subfield>
    <subfield code="B">GND-1035631830</subfield>
    <subfield code="C">024</subfield>
  </datafield>
</record>
